<?xml version="1.0" encoding="UTF-8"?>
<record>
  <leader>01322nam a2200349 c 4500</leader>
  <controlfield tag="003">DE-605</controlfield>
  <controlfield tag="005">20251012212027.0</controlfield>
  <controlfield tag="007">tu</controlfield>
  <controlfield tag="008">150107|2014    gw            ||| | ger c</controlfield>
  <controlfield tag="001">990206417590206441</controlfield>
  <datafield tag="016" ind1="7" ind2=" ">
    <subfield code="a">1106763030</subfield>
    <subfield code="2">OCoLC</subfield>
  </datafield>
  <datafield tag="035" ind1=" " ind2=" ">
    <subfield code="a">(DE-605)HT018501937</subfield>
  </datafield>
  <datafield tag="040" ind1=" " ind2=" ">
    <subfield code="a">466</subfield>
    <subfield code="b">ger</subfield>
    <subfield code="c">DE-605</subfield>
    <subfield code="d">6</subfield>
    <subfield code="e">rakwb</subfield>
  </datafield>
  <datafield tag="041" ind1=" " ind2=" ">
    <subfield code="a">ger</subfield>
  </datafield>
  <datafield tag="044" ind1=" " ind2=" ">
    <subfield code="c">XA-DE</subfield>
  </datafield>
  <datafield tag="084" ind1=" " ind2=" ">
    <subfield code="a">Bad Wünnenberg</subfield>
    <subfield code="0">https://nwbib.de/spatial#Q183345</subfield>
    <subfield code="2">nwbib</subfield>
  </datafield>
  <datafield tag="084" ind1=" " ind2=" ">
    <subfield code="a">Judentum - Allgemeines</subfield>
    <subfield code="0">https://nwbib.de/subjects#N630100</subfield>
    <subfield code="2">nwbib</subfield>
  </datafield>
  <datafield tag="245" ind1="0" ind2="0">
    <subfield code="a">Wir waren Nachbarn</subfield>
    <subfield code="b">eine Spurensuche ; [Spuren jüdischen Lebens in der Stadt Wünnenberg]</subfield>
    <subfield code="c">[Hrsg.: Gertrud Tölle]</subfield>
  </datafield>
  <datafield tag="264" ind1=" " ind2="1">
    <subfield code="a">Wünnenberg</subfield>
    <subfield code="c">2014</subfield>
  </datafield>
  <datafield tag="300" ind1=" " ind2=" ">
    <subfield code="a">82 S. : Ill., Kt.</subfield>
  </datafield>
  <datafield tag="689" ind1="0" ind2="0">
    <subfield code="a">Bad Wünnenberg</subfield>
    <subfield code="D">g</subfield>
    <subfield code="0">(DE-588)4067009-0</subfield>
    <subfield code="B">GND-040670090</subfield>
  </datafield>
  <datafield tag="689" ind1="0" ind2="1">
    <subfield code="a">Juden</subfield>
    <subfield code="D">s</subfield>
    <subfield code="0">(DE-588)4028808-0</subfield>
    <subfield code="B">GND-040288080</subfield>
  </datafield>
  <datafield tag="689" ind1="0" ind2="2">
    <subfield code="a">Geschichte</subfield>
    <subfield code="A">z</subfield>
  </datafield>
  <datafield tag="965" ind1=" " ind2=" ">
    <subfield code="u">https://digitale-objekte.hbz-nrw.de/storage2/2015/05/02/file_18/6172042.pdf</subfield>
  </datafield>
  <datafield tag="035" ind1=" " ind2=" ">
    <subfield code="a">(OCoLC)1106763030</subfield>
  </datafield>
  <datafield tag="035" ind1=" " ind2=" ">
    <subfield code="a">(DE-599)HBZHT018501937</subfield>
  </datafield>
  <datafield tag="960" ind1="1" ind2=" ">
    <subfield code="n">NWBib-6</subfield>
  </datafield>
  <datafield tag="964" ind1="0" ind2="s">
    <subfield code="F">030</subfield>
    <subfield code="A">a|1uc||||||37</subfield>
  </datafield>
  <datafield tag="964" ind1="0" ind2="s">
    <subfield code="F">050</subfield>
    <subfield code="A">a|||||||||||||</subfield>
  </datafield>
  <datafield tag="964" ind1="0" ind2="s">
    <subfield code="F">051</subfield>
    <subfield code="A">m|||||||</subfield>
  </datafield>
  <datafield tag="856" ind1="4" ind2="2">
    <subfield code="m">V:DE-605;X:migimw</subfield>
    <subfield code="q">application/pdf</subfield>
    <subfield code="u">https://digitale-objekte.hbz-nrw.de/storage2/2015/05/02/file_18/6172042.pdf</subfield>
    <subfield code="3">Inhaltsverzeichnis</subfield>
    <subfield code="9">O:PKN</subfield>
  </datafield>
  <datafield tag="700" ind1="1" ind2=" ">
    <subfield code="a">Tölle, Gertrud</subfield>
    <subfield code="4">edt</subfield>
  </datafield>
  <datafield tag="MBD" ind1=" " ind2=" ">
    <subfield code="M">49HBZ_NETWORK</subfield>
    <subfield code="i">990206417590206441</subfield>
    <subfield code="n">HBZ Network</subfield>
  </datafield>
  <datafield tag="MBD" ind1=" " ind2=" ">
    <subfield code="M">49HBZ_PAD</subfield>
    <subfield code="i">990017698170106463</subfield>
    <subfield code="n">Universitätsbibliothek Paderborn</subfield>
  </datafield>
  <datafield tag="MNG" ind1=" " ind2=" ">
    <subfield code="c">System</subfield>
    <subfield code="f">OTHER</subfield>
    <subfield code="i">marc21</subfield>
    <subfield code="h">20210409093257.0</subfield>
    <subfield code="l">52</subfield>
    <subfield code="k">01</subfield>
    <subfield code="e">false</subfield>
    <subfield code="d">2025-10-12 21:20:27 Europe/Berlin</subfield>
    <subfield code="g">020641759-HBZ01</subfield>
    <subfield code="j">60</subfield>
    <subfield code="a">import</subfield>
    <subfield code="b">2021-04-05 08:38:34 Europe/Berlin</subfield>
  </datafield>
  <datafield tag="H52" ind1="8" ind2=" ">
    <subfield code="b">P0001</subfield>
    <subfield code="c">03</subfield>
    <subfield code="8">22142051560006463</subfield>
  </datafield>
  <datafield tag="HOL" ind1=" " ind2=" ">
    <subfield code="b">2022-07-14 10:09:00</subfield>
    <subfield code="8">22142051560006463</subfield>
    <subfield code="M">49HBZ_PAD</subfield>
    <subfield code="g">false</subfield>
    <subfield code="a">import</subfield>
  </datafield>
  <datafield tag="ITM" ind1=" " ind2=" ">
    <subfield code="H">22142051560006463</subfield>
    <subfield code="x">03</subfield>
    <subfield code="f">BOOK</subfield>
    <subfield code="v">03</subfield>
    <subfield code="p">21</subfield>
    <subfield code="X">System</subfield>
    <subfield code="U">2015-01-07 11:59:00 Europe/Berlin</subfield>
    <subfield code="Y">2022-07-14 12:09:36 Europe/Berlin</subfield>
    <subfield code="h">false</subfield>
    <subfield code="n">SR4099</subfield>
    <subfield code="P">62///</subfield>
    <subfield code="M">49HBZ_PAD</subfield>
    <subfield code="s">1</subfield>
    <subfield code="d">8</subfield>
    <subfield code="V">import</subfield>
    <subfield code="b">SR4099</subfield>
    <subfield code="a">23142051550006463</subfield>
    <subfield code="t">8</subfield>
    <subfield code="S">M-15-79</subfield>
    <subfield code="B">15/585</subfield>
    <subfield code="D">20150115</subfield>
    <subfield code="W">2015-01-07 01:00:00 Europe/Berlin</subfield>
    <subfield code="u">P0001</subfield>
    <subfield code="w">P0001</subfield>
  </datafield>
  <datafield tag="GSI" ind1="7" ind2=" ">
    <subfield code="a">4067009-0</subfield>
    <subfield code="0">http://d-nb.info/gnd/4067009-0</subfield>
    <subfield code="2">gnd</subfield>
    <subfield code="A">GND</subfield>
    <subfield code="B">GND-040670090</subfield>
    <subfield code="C">024</subfield>
  </datafield>
  <datafield tag="GSI" ind1="7" ind2=" ">
    <subfield code="a">2805785</subfield>
    <subfield code="2">geonames</subfield>
    <subfield code="A">GND</subfield>
    <subfield code="B">GND-040670090</subfield>
    <subfield code="C">024</subfield>
  </datafield>
  <datafield tag="GGN" ind1=" " ind2=" ">
    <subfield code="a">Wünneberg</subfield>
    <subfield code="A">GND</subfield>
    <subfield code="B">GND-040670090</subfield>
    <subfield code="C">451</subfield>
  </datafield>
  <datafield tag="GST" ind1=" " ind2=" ">
    <subfield code="a">Jude</subfield>
    <subfield code="A">GND</subfield>
    <subfield code="B">GND-040288080</subfield>
    <subfield code="C">450</subfield>
  </datafield>
  <datafield tag="GSI" ind1="7" ind2=" ">
    <subfield code="a">http://d-nb.info/gnd/4028808-0</subfield>
    <subfield code="2">uri</subfield>
    <subfield code="A">GND</subfield>
    <subfield code="B">GND-040288080</subfield>
    <subfield code="C">024</subfield>
  </datafield>
</record>
